@article{bellmandiscrete,
	title={On the theory of dynamic programming},
	author={Bellman, Richard},
	journal={Proceedings of the National Academy of Sciences of the United States of America},
	volume={38},
	number={8},
	pages={716},
	year={1952},
	publisher={National Academy of Sciences}
}


@article{bellmancontinuous,
	title={Dynamic programming and a new formalism in the calculus of variations},
	author={Bellman, Richard},
	journal={Proceedings of the National Academy of Sciences of the United States of America},
	volume={40},
	number={4},
	pages={231},
	year={1954},
	publisher={National Academy of Sciences}
}

@book{evans,
	title={Measure theory and fine properties of functions},
	author={Evans, Lawrence Craig and Gariepy, Ronald F},
	year={2015},
	publisher={CRC press}
}


@book{roubivcek,
	title={Nonlinear partial differential equations with applications},
	author={Roub{\'\i}{\v{c}}ek, Tom{\'a}{\v{s}}},
	volume={153},
	year={2013},
	publisher={Springer Science \& Business Media}
}

@book{bardi2008optimal,
	title={Optimal control and viscosity solutions of Hamilton-Jacobi-Bellman equations},
	author={Bardi, Martino and Capuzzo-Dolcetta, Italo},
	year={2008},
	publisher={Springer Science \& Business Media}
}

@book{zhou,
	title={Stochastic controls: Hamiltonian systems and HJB equations},
	author={Yong, Jiongmin and Zhou, Xun Yu},
	volume={43},
	year={1999},
	publisher={Springer Science \& Business Media}
}

@online{barles,
	title = {An Introduction to the Theory of Viscosity
	Solutions for First-Order Hamilton-Jacobi
	Equations and Applications},
	author = {Barles, Guy},
	institution = {Universit√© de Tours, UMR CNRS 7350},
	note = {\url{http://www.mathematik.uni-muenchen.de/~sorensen/Lehre/WiSe2014-15/ViscSol/Literatur/9783642364327-c1.pdf}, last accessed on 09/29/2020},
}

@article{kruvzkov,
	title={First order quasilinear equations in several independent variables},
	author={Kru{\v{z}}kov, SN},
	journal={Mathematics of the USSR-Sbornik},
	volume={10},
	number={2},
	pages={217-243},
	year={1970},
	publisher={IOP Publishing}
}

@article{lions,
	title={Viscosity solutions of Hamilton-Jacobi equations},
	author={Crandall, Michael G and Lions, Pierre-Louis},
	journal={Transactions of the American mathematical society},
	volume={277},
	number={1},
	pages={1--42},
	year={1983}
}

@article{lions1982fully,
	title={Fully nonlinear elliptic equations and applications},
	author={Lions, Pierre-Louis},
	journal={Nonlinear Analysis, Function Spaces and Applications},
	pages={126--149},
	year={1982},
	publisher={BSB BG Teubner Verlagsgesellschaft}
}

@book{lions1982generalized,
	title={Generalized solutions of Hamilton-Jacobi equations},
	author={Lions, Pierre-Louis},
	volume={69},
	year={1982},
	publisher={London Pitman}
}

@article{crandall1984some,
	title={Some properties of viscosity solutions of Hamilton-Jacobi equations},
	author={Crandall, Michael G and Evans, Lawrence C and Lions, P-L},
	journal={Transactions of the American Mathematical Society},
	volume={282},
	number={2},
	pages={487--502},
	year={1984}
}



@book{teschl2012ordinary,
	title={Ordinary differential equations and dynamical systems},
	author={Teschl, Gerald},
	volume={140},
	year={2012},
	publisher={American Mathematical Soc.}
}

